@misc{CVS,
    key = CVS,
    note = "Conversa em grupo durante 27/05/2024 e 03/06/2024."
}

@misc{SiteBR24,
    author    = {Filipe Bento},
    title     = {Metodologias Ágeis: o que são, importância, aplicação e tipos},
    year  = 2023,
    url   = {https://br24.io/blog/metodologias-ageis/},
    Urlaccessdate   = {30 jul 2024},
}

@misc{SiteUninassau,
    author    = {Rafael Carlini },
    title     = {O que são metodologias ágeis? Entenda o conceito, como aplicar aos estudos e confira 4 métodos eficientes.},
    year  = 2023,
    url   = {https://blog.uninassau.edu.br/metodologias-ageis/},
    Urlaccessdate   = {30 jul 2024},
}

@misc{SiteRock,
    author    = {Victor Vinal},
    title     = {Metodologias ágeis: o que são, como implementar as 4 principais},
    year  = 2024,
    url   = {https://rockcontent.com/br/blog/metodologias-ageis/},
    Urlaccessdate   = {23 jul 2024},
}

@misc{SiteObjetive,
    author    = {Hugo Lourenço},
    title     = {Metodologia Ágil: o que é, benefícios e como implementar},
    year  = 2021,
    url   = {https://www.objective.com.br/insights/metodologia-agil/},
    Urlaccessdate   = {23 jul 2024},
}

@misc{SiteAwari,
    author    = {Awari},
    title     = {Metodologia Ágil x Cascata: Diferenças, Prós e Contras de Cada Método},
    year  = 2023,
    url   = {https://awari.com.br/metodologia-agil-x-cascata-diferencas-pros-e-contras-de-cada-metodo/},
    Urlaccessdate   = {3 jul 2024},
}

@article{Russo_Silva_Larieira_2021, title={Do manifesto ágil à agilidade organizacional}, volume={12}, url={https://periodicos.uninove.br/gep/article/view/19333}, DOI={10.5585/gep.v12i1.19333}, abstractNote={Este editorial objetiva apresentar nossa edição especial comemorativa aos 20 anos do Manifesto Ágil. Aqui apresentamos algumas informações relevantes sobre o estado atual das práticas ágeis nas organizações no Brasil a partir de um levantamento desenvolvido pelos editores desta edição especial. Além disso, também apresentamos os artigos enviados e selecionados, dentre os vários enviados, que contribuem para a discussão do ágil no contexto empresarial e acadêmico.}, number={1}, journal={Revista de Gestão e Projetos}, author={Russo, Rosaria Fátima Segger Macri and Silva, Luciano Ferreira da and Larieira, Claudio Luis Carvalho}, year={2021}, month={mar.}, pages={1–10} }

